<?xml version="1.0" encoding="UTF-8"?><record xmlns="http://www.loc.gov/MARC21/slim" xmlns:cinclude="http://apache.org/cocoon/include/1.0" xmlns:zs="http://www.loc.gov/zing/srw/">
  <leader>00435nz  a2200145n  4500</leader>
  <controlfield tag="001">no2009197373</controlfield>
  <controlfield tag="003">DLC</controlfield>
  <controlfield tag="005">20091211075746.0</controlfield>
  <controlfield tag="008">091209n| acannaabn          |n aaa     c</controlfield>
  <datafield tag="010" ind1=" " ind2=" ">
    <subfield code="a">no2009197373</subfield>
  </datafield>
  <datafield tag="035" ind1=" " ind2=" ">
    <subfield code="a">(OCoLC)oca08331817</subfield>
  </datafield>
  <datafield tag="040" ind1=" " ind2=" ">
    <subfield code="a">MoKU-MAV</subfield>
    <subfield code="b">eng</subfield>
    <subfield code="c">MoKU-MAV</subfield>
  </datafield>
  <datafield tag="100" ind1="1" ind2=" ">
    <subfield code="a">Clark, W. Kenneth</subfield>
  </datafield>
  <datafield tag="670" ind1=" " ind2=" ">
    <subfield code="a">This is our music. Program 1 [SR] 195-:</subfield>
    <subfield code="b">label (Dr. W. Kenneth Clark)</subfield>
  </datafield>
  <datafield tag="670" ind1=" " ind2=" ">
    <subfield code="a">OCLC, Dec. 9, 2009</subfield>
    <subfield code="b">(hdg.: Clark, W. Kenneth)</subfield>
  </datafield>
</record>